@manual{ISO/IEC,
	Author = {INMETRO},
	Title = {Vocabulário internacional de termos fundamentais e gerais de
	metrologia},
	Year = {2013},
	Address = {Rio de Janeiro, Brasil},
	Pages = {75},
	isbn = {85-87090-90-9},
}

@inproceedings{soviero1997,
	Author = {P. A. O. Soviero and L. G. M. Lavagna},
	Title = {A Numerical Model for Thin Airfoils in Unsteady Motion},
	Year = {1997},
	Pages = {332-340},
	Volume = {19},
	Number = {3},
	Booktitle = {Journal of the Brazilian Societyt Mechanical Sciences},	
}

@inproceedings{sparrow1980,
	Author = {E. M. Sparrow},
	Title = {Forced Convection Heat Transfer in a Duct Having Spanwise-Periodic
	Rectangular Protuberances},
	Year = {1980},
	Pages = {149-167},
	Volume = {3},
	Booktitle = {Numerical Heat Transfer},
}

@article{mills1988,
	Author = {Edward E. Mills},
	Title = {Software Metrics},
	Year = {1988},
	Address = {Seattle University},
}

@article{prmm,
	Author = {Paulo Roberto Miranda Meirelles},
	Title = {Monitoramento de métricas de código-fonte em projetos de software livre},
	Year = {2013},
	Address = {Universidade de São Paulo}
}

@article{lorenzkidd,
	Author = {M. Lorenz and J. Kidd},
	Title = {Object-Oriented Software Metrics},
	Year = {1994},
}

@article{beck,
	Author = {Kent Beck},
	Title = {Smalltalk: best practice patterns},
	Year = {1997},
}
@article{myers,
	Author = {G. J. Myers},
	Title = {An Extension To the Ciclomatic Measure of Program Complexity},
	Year = {1977},
}
@article{mccabe,
	Author = {T. J. McCabe},
	Title = {A Complexity Measure},
	Year = {1976},
}
@article{stetter,
	Author = {F. Stetter},
	Title = {A Measure of Program Complexity},
	Year = {1984},
}
@article{chidamberkemerer,
	Author = {S. R. Chidamber and C. F. Kemerer},
	Title = {A Metrics Suite for Object-Oriented Design},
	Year = {1994},
}
@article{hitzmontazeri,
	Author = {M. Hitz and B. Montazeri},
	Title = {Measuring Coupling and Cohesion In Object-Oriented Systems},
	Year = {1995},
}

@article{softwarelivre,
	Author = {Fabio Kon and Nelson Lago and Paulo Meirelles and Vanessa Sabino},
	Title = {Software Livre e Propriedade Intelectual: Aspectos Jurídicos, Licenças e Modelos de Negócio},
	Year = {2011},
}

@book{ humblefarley,
    Author = {J. Humble and D. Farley},
    Title = {Continuos Delivery Reliable Software Releases Through Build, Test, and Deployment Automation},
    Chapter = {3},
    Year = {2011},
}

@book{ kentbeck,
	Author = {Kent Beck},
	Title = {Extreme Programming Explained},
	Year = {1999},	
}

@inproceedings{bordalo1989,
	Author = {S. N. Bordalo and J. H. Ferziger and S. J. Kline},
	Title = {The Development of Zonal Models for Turbulence},
	Year = {1989},
	Pages = {41-44},
	Booktitle = {Proceedings of the 10th Brazilian Congress of Mechanical
	Engineering}, 
	Volume = {1},	
}

@manual{NBR14724:2011,
	Address = {Rio de Janeiro},
	Date-Added = {2012-12-15 20:34:08 +0000},
	Date-Modified = {2012-12-15 20:35:25 +0000},
	Month = mar,
	Org-Short = {ABNT},
	Organization = {Associa{\c c}\~ao Brasileira de Normas T\'ecnicas},
	Pages = 15,
	Subtitle = {Informa{\c c}\~ao e documenta{\c c}\~ao --- trabalhos acad\^emicos --- apresenta{\c c}\~ao},
	Title = {{NBR} 14724},
	Year = 2011
}

@manual{NBR6034:2000,
	Address = {Rio de Janeiro},
	Org-Short = {ABNT},
	Organization = {Associa{\c c}\~ao Brasileira de Normas T\'ecnicas},
	Subtitle = {Informa{\c c}\~ao e documenta{\c c}\~ao --- Referências},
	Title = {{NBR} 14724},
	Year = 2000
}

